@article{ANDRECUT2002,
author = {Andrecut, M and Ali, M},
year = {2002},
month = {01},
pages = {067103},
title = {Q learning in the minority game},
volume = {64},
booktitle = {Physical review. E, Statistical, nonlinear, and soft matter physics}
}