@article{ARTHUR1994,
 ISSN = {00028282},
 URL = {http://www.jstor.org/stable/2117868},
 author = {W. B. Arthur},
 journal = {The American Economic Review},
 number = {2},
 pages = {406-411},
 publisher = {American Economic Association},
 title = {Inductive Reasoning and Bounded Rationality},
 volume = {84},
 year = {1994}
}

