@article{CHALLET1997,
title = "Emergence of cooperation and organization in an evolutionary game",
journal = "Physica A: Statistical Mechanics and its Applications",
volume = "246",
number = "3",
pages = "407 - 418",
year = "1997",
note = "",
issn = "0378-4371",
doi = "http://dx.doi.org/10.1016/S0378-4371(97)00419-6",
url = "http://www.sciencedirect.com/science/article/pii/S0378437197004196",
author = "D. Challet and Y.-C. Zhang",
keywords = "Evolution",
keywords = "Game",
keywords = "Emergence of organization"
}