@book{CHALLET2005,
  title={Minority Games},
  author={Challet, D. and Marsili, M. and Zhang, Y.-C.},
  isbn={9780198566403},
  lccn={2005276813},
  series={Oxford finance},
  url={https://books.google.cz/books?id=3W758QJ16JkC},
  year={2005},
  publisher={Oxford University Press}
}
